@Book{Livio2002,
  abstract = {Includes bibliographical references (p. [269]-277) and index.},
  author = {Mario Livio},
  city = {New York, NY},
  edition = {1st ed.},
  isbn = {0767908155},
  issue = {New York, NY},
  journal = {The golden ratio: the story of phi, the world's most astonishing number},
  keywords = {Golden section.,Science | Mathematics},
  publisher = {Broadway Books},
  title = {The golden ratio: the story of phi, the world's most astonishing number},
  year = {2002},
}