@book{Hosmer2013,
   abstract = {"A new edition of the definitive guide to logistic regression modeling for health science and other applicationsThis thoroughly expanded Third Edition provides an easily accessible introduction to the logistic regression (LR) model and highlights the power of this model by examining the relationship between a dichotomous outcome and a set of covariables. Applied Logistic Regression, Third Edition emphasizes applications in the health sciences and handpicks topics that best suit the use of modern statistical software. The book provides readers with state-of-the-art techniques for building, interpreting, and assessing the performance of LR models. New and updated features include: A chapter on the analysis of correlated outcome data. A wealth of additional material for topics ranging from Bayesian methods to assessing model fit Rich data sets from real-world studies that demonstrate each method under discussion. Detailed examples and interpretation of the presented results as well as exercises throughout Applied Logistic Regression, Third Edition is a must-have guide for professionals and researchers who need to model nominal or ordinal scaled outcome variables in public health, medicine, and the social sciences as well as a wide range of other fields and disciplines"-- Provided by publisher.},
   author = {David W Hosmer author and Stanley Lemeshow author and Rodney X Sturdivant author},
   edition = {Third edition},
   isbn = {9781118548387},
   journal = {Applied logistic regression},
   keywords = {Anàlisi de regressió,Anàlisi multivariable,Estadística,Regression analysis,Science | Mathematics,Science | Statistics (Mathematical),Social Sciences | Statistics and Numeric Data},
   note = {Description based upon print version of record.
Kursbok},
   publisher = {Wiley},
   title = {Applied logistic regression},
   year = {2013}
}
